@misc{N1,
abstract = {Falta de educaci{\'{o}}n financiera, heredada desde sus hogares, temor al cr{\'{e}}dito y confiar en sus emociones, son tres causas que provocan malas decisiones.},
address = {Bogot{\'{a}} D.C.},
booktitle = {Portafolio},
month = {aug},
title = {{¿Por qu{\'{e}} los j{\'{o}}venes son malos ahorradores y no saben administrar sus finanzas?}},
url = {www.portafolio.co/mis-finanzas/manejo-de-las-deudas-y-el-ahorro-en-los-jovenes-499665},
year = {2016}
}
@misc{Pw1RUP,
	booktitle = {ProcesosdeSoftware},
	title = {{ProcesosdeSoftware - METODOLOGIA RUP}},
	url = {https://procesosdesoftware.wikispaces.com/METODOLOGIA+RUP},
	urldate = {2017-05-20},
	year = {2016}
}
@misc{Pw2CU,
	author = {IBM},
	booktitle = {IBm Knowledge Center},
	title = {{Casos de Uso}},
	url = {https://www.ibm.com/support/knowledgecenter/es/SSWSR9{\_}11.0.0/com.ibm.pim.dev.doc/pim{\_}tsk{\_}arc{\_}definingusecases.html},
	urldate = {2017-05-20},
	year = {2013}
}
@misc{Pw3DS,
	booktitle = {Microsoft},
	title = {{Diagramas de secuencia UML: Referencia}},
	url = {https://msdn.microsoft.com/es-co/library/dd409377.aspx},
	urldate = {2017-05-20},
	year = {2015}
}
@misc{Pw4DC,
	title = {{UML: LOS DIAGRAMAS DE COMUNICACI{\'{O}}N}},
	url = {http://diagramas-comunicacion-uml.blogspot.com.co/2009/02/los-diagramas-de-comunicacion.html},
	urldate = {2017-05-20},
	year = {2009}
}
@misc{Pw5DE,
	booktitle = {WikiUml},
	title = {{Diagrama de Estados}},
	url = {https://wikiuml.wikispaces.com/Diagrama+de+Estados},
	urldate = {2017-05-21},
	year = {2011}
}
@misc{Pw6AM,
	abstract = {DESARROLLO DE APLICACIONES PARA AMBIENTES DISTRIBUIDOS"},
	title = {{Aplicaciones Monolíticas}},
	url = {https://laurmolina7821.wordpress.com/1-1-1-aplicaciones-monoliticas/},
	urldate = {2017-05-17},
	year = {2013}
}
@misc{Pw7DC,
	booktitle = {Microsoft},
	title = {{Diagramas de componentes de UML}},
	url = {https://msdn.microsoft.com/es-es/library/dd409390.aspx},
	urldate = {2017-05-15},
	year = {2015}
}
@misc{Pw8M,
	booktitle = {Jummp},
	title = {{Acoplamiento aferente, acoplamiento eferente, inestabilidad y abstracci{\'{o}}n I}},
	url = {https://jummp.wordpress.com/2010/06/26/acoplamiento-aferente-acoplamiento-eferente-inestabilidad-y-abstraccion-i/},
	urldate = {2017-05-20},
	year = {2010}
}
@misc{Pw9Cmp,
	author = {{STAN-Structure Analysis for Java}},
	booktitle = {stan4j.com},
	title = {{Composition View}},
	url = {http://stan4j.com/dependencies/composition.html},
	urldate = {2017-05-21},
	year = {2008}
}
@misc{Pw10V&P,
	author = {{STAN-Structure Analysis for Java}},
	booktitle = {stan4j.com},
	title = {{Violations}},
	url = {http://stan4j.com/metrics/violations.html},
	urldate = {2017-05-21},
	year = {2008}
}
@misc{Pw11D,
	author = {{STAN-Structure Analysis for Java}},
	booktitle = {stan4j.com },
	title = {{Stable Abstractions Principle}},
	url = {http://stan4j.com/advanced/stable-abstractions-principle.html},
	urldate = {2017-05-21},
	year = {2008}
}